@book{capilla1992,
  title = {Variable compleja y ecuaciones diferenciales},
  author = {R. Fuster Capilla and I. Giménez},
  publisher = {Editorial Reverté},
  year = {1992},
  isbn = {978-84-291-5032-2},
  address = {Barcelona, España},
  note = {},
}
    
@book{spiegel2011,
  title = {Variable compleja},
  author = {M.R. Spiegel and S. Lipschutz and J.J. Schiller and D. Spellman},
  publisher = {McGraw-Hill},
  year = {1991},
  isbn = {978-607-15-0551-4},
  address = {Mexico},
  note = {},
}
    
@book{beck2018,
  title = {A First Course in Complex Analysis},
  author = {M. Beck and G. Marchesi and D. Pixton and L. Sabalka},
  publisher = {},
  year = {2018},
  isbn = {},
  note = {http://math.sfsu.edu/beck/complex.html},
}
    
@book{brown2013,
  title = "Complex Variables and Applications",
  author = "Brown, James Ward and Churchill, Ruel V",
  publisher = "McGraw-Hill Professional",
  edition = 9,
  year = {2013},
  address = "New York, NY",
}

@book{brown2004,
  title = "Variable compleja y aplicaciones",
  author = "J.W. Brown and R.V. Churchill",
  publisher = "McGraw-Hill Interamericana",
  year = {2004},
  address = "Madrid, España",
}

@book{edwards2014,
  title = "Differential equations and boundary value problems",
  author = "C. H. Edwards and D.E. Penney and D.T. Calvis",
  publisher = "Pearson Education Inc.",
  year = {2015},
  isbn = {978-0-321-79698-1},
  address = "Upper Saddle River, NJ",
}


@book{edwards2009,
  title = "Ecuaciones diferenciales y problemas con valores en la frontera",
  author = "C. H. Edwards and D.E. Penney",
  publisher = "Pearson Educación",
  year = {2009},
  isbn = {978-970-26-1285-8},
  address = "México",
}

@book{oneil2012,
  title = "Matemáticas avanzadas para ingeniería (7a. ed.)",
  author = "P.V. O'Neil",
  publisher = "Cengage Learning",
  year = {2015},
  isbn = {978-1-111-42741-2},
  address = "Mexico",
}

@book{kreyszig2011,
  title = {Advanced Engineering Mathematics},
  author = {E. Kreyszig and H. Kreyszig and E.J. Norminton},
  publisher = {John Wiley \& Sons, Inc},
  year = {2011},
  isbn = {978-0-470-45836-5},
  address = {Hoboken, USA},
}

@book{nr2007,
  title = "Numerical recipes 3rd edition",
  author = "W.H. Press and S.A. Teukolsky and W.T. Vetterling and B.P. Flannery",
  publisher = "Cambridge University Press",
  edition = 3,
  year = {2007},
  isbn = {0521880688},
  address = "Cambridge, England",
}

@book{burden2017,
  title = {Análisis numérico},
  author = "R.L. Burden and D.J. Faires and A.M. Burden",
  publisher = "Cengage Learning",
  year = {2017},
  edition = 10,
  isbn = {978-1-305-25366-7},
  address = {Mexico},
}

@book{batista2023,
  title = {Python en ámbitos científicos},
  author = "F. Batista and C.M. Carlevaro",
  publisher = {},
  year = {2025},
  note = {https://pyciencia.taniquetil.com.ar/},
}
  
@book{butcher2008,
  title = {Numerical methods for ordinary differential equations},
  author = {Butcher, John Charles},
  publisher = {Wiley},
  year = {2008},
  address = {Chichester, England Hoboken, NJ},
  isbn = {978-0-470-72335-7},
}
 
@book{langtangenLogg2017,
  title = {Solving PDEs in Python},
  author = {Hans Petter Langtangen and Anders Logg},
  year = {2017},
  publisher = {Springer},
  doi = {10.1007/978-3-319-52462-7},
  isbn = {978-3-319-52461-0},
}

@book{gupta2019,
  title = {Numerical Methods. Fundamentals and Applications},
  author = {Gupta, R.K.},
  isbn = {978-1-108-71600-0},
  year = {2019},
  publisher = {Cambridge University Press},
}

@book{strang2006,
  title = {Linear Algebra and Its Applications, 4th Edition},
  author = {Gilbert Strang},
  publisher = {Brooks Cole},
  isbn = {9780030105678},
  year = {2006},
  edition = {4th},
}

@book{pine2019,
  title = {Introduction to Python for Science and Engineering},
  author = {D. Pine},
  publisher = {CRC Press},
  year = {2019},
  isbn = {978-1-138-58389-4},
  address = {Florida, USA},
  note = {},
}

@book{davis1990,
  title = "Constructivist views on the teaching and learning of mathematics,
           Journal for Research in Mathematics Education: Monograph \#4",
  editor = "R.B. Davis and C.A. Maher and N. Noddings",
  publisher = "National Council of Teachers of Mathematics",
  year = 1990,
  address = "Reston, VA",
  isbn = {0-87353-300-3},
}

@article{kiewra1985,
  author = { K.A. Kiewra },
  title = {Investigating Notetaking and Review: A Depth of Processing
           Alternative},
  journal = {Educational Psychologist},
  volume = {20},
  number = {1},
  pages = {23-32},
  year = {1985},
  publisher = {Routledge},
  doi = {10.1207/s15326985ep2001\_4},
  URL = {https://doi.org/10.1207/s15326985ep2001_4},
  eprint = {https://doi.org/10.1207/s15326985ep2001_4},
}

@article{king1992,
  author = {A. King},
  title = {Comparison of Self-Questioning, Summarizing, and Notetaking-Review as
           Strategies for Learning From Lectures},
  journal = {American Educational Research Journal},
  volume = {29},
  number = {2},
  pages = {303-323},
  year = {1992},
  doi = {10.3102/00028312029002303},
  URL = {https://doi.org/10.3102/00028312029002303},
  eprint = {https://doi.org/10.3102/00028312029002303},
}

@article{wilhelmi2018,
  doi = {10.12973/iejme/3983},
  url = {https://doi.org/10.12973/iejme/3983},
  year = {2018},
  publisher = {Modestum Publishing Ltd},
  volume = {14},
  number = {1},
  author = {M.R. Wilhelmi and J.D. Godino and H. Rivas and M. Burgos},
  title = {Analysis of Didactical Trajectories in Teaching and Learning
           Mathematics: Overcoming Extreme Objectivist and Constructivist
           Positions},
  journal = {International Electronic Journal of Mathematics Education},
}


@book{langtangenLinge2016,
  title = {Finite Difference Computing with PDEs - A Modern Software Approach},
  author = "H.P. Langtangen and S. Linge",
  publisher = {},
  year = {2016},
  note = {https://hplgit.github.io/fdm-book/doc/web/index.html},
}
 
@book{oneil2011,
  title = "Advanced Engineering Mathematics",
  author = "O'Neil, Peter V",
  publisher = "CENGAGE Learning Custom Publishing",
  edition = 7,
  year = 2011,
  address = "Mason (OH), USA ",
}

@book{oneil2012es,
  title = "Matem{\'a}ticas avanzadas para ingenier{\'\i}a",
  author = "O'Neil, Peter V",
  publisher = "CENGAGE Learning Custom Publishing",
  year = 2012,
  edition = 7,
  address = "México, DF",
}


@book{stroud2020,
  title = "Advanced Engineering Mathematics",
  author = "Stroud, K A and Booth, Dexter J",
  publisher = "Bloomsbury Academic",
  edition = 6,
  year = 2020,
  address = "London, England",
}

@book{moreno2014,
  title = "Introducción al cálculo numérico",
  author = "Carlos Moreno González",
  publisher = "Universidad Nacional de Educación a Distancia",
  year = 2014,
  address = "Madrid, España",
}

@book{mathews2004,
  title = "Numerical methods using MATLAB",
  author = "J.H. Mathews and K.D. Fink",
  publisher = "Pearson Education Inc.",
  year = 2004,
  address = "New Jersey, United States",
}

@book{chapra2021,
  title = "Numerical Methods for Engineers",
  author = "S.C. Chapra and R.P. Canale",
  publisher = "McGraw-Hill Education",
  edition = 8,
  year = 2021,
  address = "New York, United States",
}

@book{epperson2013,
  title = "An Introduction to Numerical Methods and Analysis",
  author = "J.F. Epperson",
  publisher = "John Wiley \& Sons",
  edition = 2,
  year = 2013,
  isbn = {978-1-118-36759-9},
  address = "Hoboken, United States",
}

@book{kiusalaas2013,
  title = "Numerical Methods in Engineering with Python 3",
  author = "J. Kiusalaas",
  publisher = "Cambridge University Press",
  year = 2013,
  isbn = {978-1-107-03385-6},
  address = "Cambridge, United Kingdom",
}

@book{bradie2006,
  title = "A Friendly Introduction to Numerical Analysis",
  author = "B. Bradie",
  publisher = "Pearson Education Inc.",
  year = 2006,
  isbn = {0-13-013054-0},
  address = "New Jersey, United States",
}

@book{quarteroni2000,
  title = "Numerical Mathematics",
  author = "A. Quarteroni and R. Sacco and F. Saleri",
  publisher = "Springer-Verlag",
  year = 2000,
  isbn = {0-387-98959-5},
  address = "New York, United States",
}

@book{salgado2023,
  title = "Classical Numerical Analysis",
  author = "A.J. Salgado and S.M. Wise",
  publisher = "Cambridge University Press",
  year = 2023,
  isbn = {978-1-108-83770-5},
  doi = {10.1017/9781108942607},
  address = "Cambridge, United Kingdom",
}

@book{gezerlis2020,
  title = "Numerical Methods in Physics With Python",
  author = "A. Gezerlis",
  publisher = "Cambridge University Press",
  year = 2020,
  isbn = {978-1-108-48884-6},
  doi = {10.1017/9781108772310},
  address = "Cambridge, United Kingdom",
}

@book{nakamura1992,
  title = "Métodos numéricos aplicados con software",
  author = "S. Nakamura",
  publisher = "Prentice Hall",
  year = 1992,
  isbn = {0-13-041047-0},
  address = "Mexico",
}

